% Encoding: UTF-8

@Comment{jabref-meta: databaseType:bibtex;}

@online{EUData_JohnerInstitut,
    author       = {Johner Institut},
    title        = {EU Data Act: Herausforderungen und Chancen f체r die Medizinprodukteindustrie},
    year         = {2023},
    url          = {https://www.johner-institut.de/blog/regulatory-affairs/eu-data-act/},
    note         = {Zugriff am 30. September 2024},
}

@misc{bmdv2024,
    author       = {Bundesministerium f체r Digitales und Verkehr (BMDV)},
    title        = {Zugang und Nutzung von Mobilit채tsdaten: Der EU Data Act und die Entwicklung innovativer Mobilit채tsangebote},
    year         = {2024},
    month        = {May},
    url          = {https://bmdv.bund.de/DE/Themen/Digitales/Digitale-Gesellschaft/EU-Data-Act/eu-data-act.html},
    note         = {Zugriff am 14. Oktober 2024},
}